<?xml version="1.0" encoding="UTF-8"?>
<!DOCTYPE html PUBLIC "-//W3C//DTD XHTML 1.0 Transitional//EN"
    "http://www.w3.org/TR/xhtml1/DTD/xhtml1-transitional.dtd">
<html xmlns="http://www.w3.org/1999/xhtml" xml:lang="en" lang="en">
 <head>
  <title>
</title>
<meta http-equiv="Content-Type" content="text/html;charset=utf-8" />
  <meta name='ocr-system' content='tesseract 3.04.00' />
  <meta name='ocr-capabilities' content='ocr_page ocr_carea ocr_par ocr_line ocrx_word'/>
</head>
<body>
  <div class='ocr_page' id='page_1' title='image "./djuniijuvenalis00rigagoog_0013.png"; bbox 0 0 2520 4664; ppageno 0'>
   <div class='ocr_carea' id='block_1_1' title="bbox 108 600 974 741">
    <p class='ocr_par' dir='ltr' id='par_1_1' title="bbox 108 600 974 741">
     <span class='ocr_line' id='line_1_1' title="bbox 108 600 974 741; baseline -0.006 -2"><span class='ocrx_word' id='word_1_1' title='bbox 108 600 111 605; x_wconf 26' lang='lat'>¹</span> <span class='ocrx_word' id='word_1_2' title='bbox 271 622 974 741; x_wconf 68' lang='lat' dir='ltr'><strong>Dan1cA10R1a</strong></span> 
     </span>
    </p>
   </div>
   <div class='ocr_carea' id='block_1_2' title="bbox 103 816 1142 4284">
    <p class='ocr_par' dir='ltr' id='par_1_2' title="bbox 103 816 1142 4124">
     <span class='ocr_line' id='line_1_2' title="bbox 110 816 1128 977; baseline -0.011 -36"><span class='ocrx_word' id='word_1_3' title='bbox 110 826 278 941; x_wconf 80' lang='lat' dir='ltr'><strong>Patria</strong></span> <span class='ocrx_word' id='word_1_4' title='bbox 296 865 446 942; x_wconf 85' lang='lat' dir='ltr'><strong>curas</strong></span> <span class='ocrx_word' id='word_1_5' title='bbox 465 864 578 941; x_wconf 87' lang='lat' dir='ltr'><strong>non</strong></span> <span class='ocrx_word' id='word_1_6' title='bbox 606 816 910 977; x_wconf 84' lang='lat' dir='ltr'><strong>suscepisti?</strong></span> <span class='ocrx_word' id='word_1_7' title='bbox 944 834 1128 971; x_wconf 70' lang='lat' dir='ltr'>neque</span> 
     </span>
     <span class='ocr_line' id='line_1_3' title="bbox 111 978 1123 1154; baseline -0.013 -40"><span class='ocrx_word' id='word_1_8' title='bbox 111 995 471 1154; x_wconf 65' lang='lat' dir='ltr'><strong>perfuniiioaie</strong></span> <span class='ocrx_word' id='word_1_9' title='bbox 490 1036 593 1114; x_wconf 89' lang='lat' dir='ltr'><strong>nec</strong></span> <span class='ocrx_word' id='word_1_10' title='bbox 615 991 798 1112; x_wconf 86' lang='lat' dir='ltr'><strong>fucato</strong></span> <span class='ocrx_word' id='word_1_11' title='bbox 818 995 1015 1137; x_wconf 83' lang='lat' dir='ltr'><strong>animo,</strong></span> <span class='ocrx_word' id='word_1_12' title='bbox 1030 978 1123 1103; x_wconf 83' lang='lat' dir='ltr'><strong>sed</strong></span> 
     </span>
     <span class='ocr_line' id='line_1_4' title="bbox 109 1164 1123 1330; baseline -0.005 -44"><span class='ocrx_word' id='word_1_13' title='bbox 109 1168 303 1291; x_wconf 83' lang='lat' dir='ltr'><strong>fincera</strong></span> <span class='ocrx_word' id='word_1_14' title='bbox 325 1174 483 1330; x_wconf 87' lang='lat' dir='ltr'><strong>plane</strong></span> <span class='ocrx_word' id='word_1_15' title='bbox 503 1203 683 1288; x_wconf 87' lang='lat' dir='ltr'><strong>mente</strong></span> <span class='ocrx_word' id='word_1_16' title='bbox 716 1206 778 1285; x_wconf 90' lang='lat' dir='ltr'><strong>ac</strong></span> <span class='ocrx_word' id='word_1_17' title='bbox 797 1164 1022 1289; x_wconf 89' lang='lat' dir='ltr'><strong>heroico</strong></span> <span class='ocrx_word' id='word_1_18' title='bbox 1050 1170 1123 1281; x_wconf 79' lang='lat' dir='ltr'><strong>ni·</strong></span> 
     </span>
     <span class='ocr_line' id='line_1_5' title="bbox 109 1334 1127 1504; baseline -0.005 -46"><span class='ocrx_word' id='word_1_19' title='bbox 109 1335 165 1458; x_wconf 87' lang='lat' dir='ltr'><strong>su</strong></span> <span class='ocrx_word' id='word_1_20' title='bbox 185 1435 201 1480; x_wconf 88' lang='lat'>,</span> <span class='ocrx_word' id='word_1_21' title='bbox 233 1346 417 1504; x_wconf 86' lang='lat' dir='ltr'>spretis</span> <span class='ocrx_word' id='word_1_22' title='bbox 440 1350 676 1503; x_wconf 84' lang='lat' dir='ltr'><strong>propriis</strong></span> <span class='ocrx_word' id='word_1_23' title='bbox 699 1334 1009 1460; x_wconf 87' lang='lat' dir='ltr'><strong>commodis</strong></span> <span class='ocrx_word' id='word_1_24' title='bbox 1029 1427 1046 1475; x_wconf 94' lang='lat'>,</span> <span class='ocrx_word' id='word_1_25' title='bbox 1066 1370 1127 1453; x_wconf 90' lang='lat' dir='ltr'><strong>ut</strong></span> 
     </span>
     <span class='ocr_line' id='line_1_6' title="bbox 108 1516 1127 1658; baseline -0.007 -17"><span class='ocrx_word' id='word_1_26' title='bbox 108 1527 292 1642; x_wconf 76' lang='lat' dir='ltr'><strong>Patriae</strong></span> <span class='ocrx_word' id='word_1_27' title='bbox 310 1528 451 1643; x_wconf 88' lang='lat' dir='ltr'>bene</span> <span class='ocrx_word' id='word_1_28' title='bbox 491 1520 654 1658; x_wconf 86' lang='lat' dir='ltr'>effet,</span> <span class='ocrx_word' id='word_1_29' title='bbox 689 1531 845 1641; x_wconf 85' lang='lat' dir='ltr'><strong>unice</strong></span> <span class='ocrx_word' id='word_1_30' title='bbox 864 1516 1127 1638; x_wconf 85' lang='lat' dir='ltr'><strong>consului-</strong></span> 
     </span>
     <span class='ocr_line' id='line_1_7' title="bbox 108 1695 1142 1858; baseline -0.003 -46"><span class='ocrx_word' id='word_1_31' title='bbox 108 1695 189 1813; x_wconf 88' lang='lat' dir='ltr'><strong>sti.</strong></span> <span class='ocrx_word' id='word_1_32' title='bbox 225 1702 286 1814; x_wconf 87' lang='lat' dir='ltr'><strong>ln</strong></span> <span class='ocrx_word' id='word_1_33' title='bbox 306 1698 592 1858; x_wconf 86' lang='lat' dir='ltr'><strong>propatulo</strong></span> <span class='ocrx_word' id='word_1_34' title='bbox 617 1696 737 1817; x_wconf 89' lang='lat' dir='ltr'>sunt</span> <span class='ocrx_word' id='word_1_35' title='bbox 751 1737 871 1856; x_wconf 78' lang='lat' dir='ltr'><strong>quae</strong></span> <span class='ocrx_word' id='word_1_36' title='bbox 890 1699 1142 1852; x_wconf 90' lang='lat' dir='ltr'>loquor,·</span> 
     </span>
     <span class='ocr_line' id='line_1_8' title="bbox 109 1872 1124 2030; baseline 0 -45"><span class='ocrx_word' id='word_1_37' title='bbox 109 1911 210 1988; x_wconf 90' lang='lat' dir='ltr'><strong>nec</strong></span> <span class='ocrx_word' id='word_1_38' title='bbox 249 1877 350 1993; x_wconf 90' lang='lat' dir='ltr'><strong>ulla</strong></span> <span class='ocrx_word' id='word_1_39' title='bbox 383 1877 606 2030; x_wconf 84' lang='lat' dir='ltr'><strong>caligine</strong></span> <span class='ocrx_word' id='word_1_40' title='bbox 626 1875 784 1999; x_wconf 70' lang='lat' dir='ltr'><strong>acaia.</strong></span> <span class='ocrx_word' id='word_1_41' title='bbox 860 1872 1044 1996; x_wconf 62' lang='lat' dir='ltr'><strong>Made</strong></span> <span class='ocrx_word' id='word_1_42' title='bbox 1082 1877 1124 1986; x_wconf 90' lang='lat' dir='ltr'><strong>i-</strong></span> 
     </span>
     <span class='ocr_line' id='line_1_9' title="bbox 109 2036 1127 2199; baseline 0.006 -44"><span class='ocrx_word' id='word_1_43' title='bbox 109 2036 186 2156; x_wconf 90' lang='lat' dir='ltr'><strong>sta</strong></span> <span class='ocrx_word' id='word_1_44' title='bbox 227 2052 347 2164; x_wconf 90' lang='lat' dir='ltr'><strong>Tua</strong></span> <span class='ocrx_word' id='word_1_45' title='bbox 392 2051 647 2178; x_wconf 86' lang='lat' dir='ltr'><strong>virtute,</strong></span> <span class='ocrx_word' id='word_1_46' title='bbox 700 2055 833 2171; x_wconf 76' lang='lat' dir='ltr'><strong>Vm</strong></span> <span class='ocrx_word' id='word_1_47' title='bbox 884 2044 1127 2199; x_wconf 83' lang='lat' dir='ltr'><strong>undique</strong></span> 
     </span>
     <span class='ocr_line' id='line_1_10' title="bbox 113 2214 1127 2379; baseline 0.011 -55"><span class='ocrx_word' id='word_1_48' title='bbox 113 2214 408 2352; x_wconf 69' lang='lat' dir='ltr'><strong>Mamm,</strong></span> <span class='ocrx_word' id='word_1_49' title='bbox 443 2226 738 2379; x_wconf 84' lang='lat' dir='ltr'><strong>Patriaeque</strong></span> <span class='ocrx_word' id='word_1_50' title='bbox 759 2217 940 2336; x_wconf 86' lang='lat' dir='ltr'><strong>bonus</strong></span> <span class='ocrx_word' id='word_1_51' title='bbox 958 2223 1127 2369; x_wconf 86' lang='lat' dir='ltr'><strong>civis,</strong></span> 
     </span>
     <span class='ocr_line' id='line_1_11' title="bbox 110 2385 1120 2551; baseline -0.004 -41"><span class='ocrx_word' id='word_1_52' title='bbox 110 2386 265 2510; x_wconf 88' lang='lat' dir='ltr'><strong>Urbi</strong></span> <span class='ocrx_word' id='word_1_53' title='bbox 304 2387 504 2508; x_wconf 76' lang='lat' dir='ltr'>Consul</span> <span class='ocrx_word' id='word_1_54' title='bbox 525 2399 774 2551; x_wconf 84' lang='lat' dir='ltr'><strong>egregius</strong></span> <span class='ocrx_word' id='word_1_55' title='bbox 818 2385 917 2511; x_wconf 65' lang='lat' dir='ltr'><strong>essit</strong></span> <span class='ocrx_word' id='word_1_56' title='bbox 937 2428 1120 2547; x_wconf 85' lang='lat' dir='ltr'><strong>perge.</strong></span> 
     </span>
     <span class='ocr_line' id='line_1_12' title="bbox 106 2565 1124 2719; baseline 0.002 -39"><span class='ocrx_word' id='word_1_57' title='bbox 106 2565 229 2719; x_wconf 85' lang='lat' dir='ltr'><strong>Ego</strong></span> <span class='ocrx_word' id='word_1_58' title='bbox 278 2600 533 2716; x_wconf 90' lang='lat' dir='ltr'><strong>quantum</strong></span> <span class='ocrx_word' id='word_1_59' title='bbox 580 2573 635 2681; x_wconf 89' lang='lat' dir='ltr'><strong>in</strong></span> <span class='ocrx_word' id='word_1_60' title='bbox 676 2605 764 2689; x_wconf 87' lang='lat' dir='ltr'><strong>me</strong></span> <span class='ocrx_word' id='word_1_61' title='bbox 805 2571 932 2699; x_wconf 89' lang='lat' dir='ltr'><strong>erit,</strong></span> <span class='ocrx_word' id='word_1_62' title='bbox 964 2569 1124 2684; x_wconf 84' lang='lat' dir='ltr'><strong>virtu·</strong></span> 
     </span>
     <span class='ocr_line' id='line_1_13' title="bbox 107 2744 1123 2868; baseline 0.008 -16"><span class='ocrx_word' id='word_1_63' title='bbox 107 2775 188 2852; x_wconf 88' lang='lat' dir='ltr'><strong>tes</strong></span> <span class='ocrx_word' id='word_1_64' title='bbox 228 2744 372 2856; x_wconf 89' lang='lat' dir='ltr'><strong>Tuas</strong></span> <span class='ocrx_word' id='word_1_65' title='bbox 414 2747 745 2862; x_wconf 88' lang='lat' dir='ltr'><strong>immortales</strong></span> <span class='ocrx_word' id='word_1_66' title='bbox 780 2749 959 2862; x_wconf 89' lang='lat' dir='ltr'><strong>mirari</strong></span> <span class='ocrx_word' id='word_1_67' title='bbox 993 2785 1123 2868; x_wconf 85' lang='lat' dir='ltr'>nun-</span> 
     </span>
     <span class='ocr_line' id='line_1_14' title="bbox 103 2912 1122 3075; baseline 0.008 -52"><span class='ocrx_word' id='word_1_68' title='bbox 103 2951 265 3063; x_wconf 87' lang='lat' dir='ltr'>quam</span> <span class='ocrx_word' id='word_1_69' title='bbox 300 2912 562 3056; x_wconf 78' lang='lat' dir='ltr'><strong>desinam,</strong></span> <span class='ocrx_word' id='word_1_70' title='bbox 598 2958 776 3075; x_wconf 88' lang='lat' dir='ltr'><strong>neque</strong></span> <span class='ocrx_word' id='word_1_71' title='bbox 808 2912 902 3037; x_wconf 90' lang='lat' dir='ltr'><strong>sub</strong></span> <span class='ocrx_word' id='word_1_72' title='bbox 934 2920 1122 3055; x_wconf 72' lang='lat' dir='ltr'><strong>illustri</strong></span> 
     </span>
     <span class='ocr_line' id='line_1_15' title="bbox 107 3082 1123 3239; baseline 0.012 -43"><span class='ocrx_word' id='word_1_73' title='bbox 107 3082 347 3239; x_wconf 85' lang='lat' dir='ltr'><strong>praefidio</strong></span> <span class='ocrx_word' id='word_1_74' title='bbox 379 3092 545 3227; x_wconf 90' lang='lat' dir='ltr'>Tu0,</span> <span class='ocrx_word' id='word_1_75' title='bbox 579 3127 640 3208; x_wconf 89' lang='lat' dir='ltr'><strong>ut</strong></span> <span class='ocrx_word' id='word_1_76' title='bbox 681 3093 815 3209; x_wconf 87' lang='lat' dir='ltr'><strong>boni</strong></span> <span class='ocrx_word' id='word_1_77' title='bbox 854 3098 986 3209; x_wconf 87' lang='lat' dir='ltr'><strong>civis</strong></span> <span class='ocrx_word' id='word_1_78' title='bbox 1007 3088 1123 3209; x_wconf 87' lang='lat' dir='ltr'><strong>offi-</strong></span> 
     </span>
     <span class='ocr_line' id='line_1_16' title="bbox 106 3263 1123 3423; baseline 0.009 -49"><span class='ocrx_word' id='word_1_79' title='bbox 106 3265 251 3374; x_wconf 91' lang='lat' dir='ltr'><strong>cium</strong></span> <span class='ocrx_word' id='word_1_80' title='bbox 274 3263 555 3418; x_wconf 82' lang='lat' dir='ltr'><strong>impleam,</strong></span> <span class='ocrx_word' id='word_1_81' title='bbox 591 3265 828 3423; x_wconf 86' lang='lat' dir='ltr'><strong>partibus</strong></span> <span class='ocrx_word' id='word_1_82' title='bbox 852 3273 981 3384; x_wconf 87' lang='lat' dir='ltr'><strong>meis</strong></span> <span class='ocrx_word' id='word_1_83' title='bbox 1001 3269 1123 3383; x_wconf 88' lang='lat' dir='ltr'><strong>dee·</strong></span> 
     </span>
     <span class='ocr_line' id='line_1_17' title="bbox 105 3436 1124 3599; baseline 0.006 -54"><span class='ocrx_word' id='word_1_84' title='bbox 105 3470 172 3546; x_wconf 85' lang='lat' dir='ltr'><strong>ro</strong></span> <span class='ocrx_word' id='word_1_85' title='bbox 195 3492 211 3568; x_wconf 80' lang='lat'>3</span> <span class='ocrx_word' id='word_1_86' title='bbox 248 3439 507 3599; x_wconf 81' lang='lat' dir='ltr'>prolixam</span> <span class='ocrx_word' id='word_1_87' title='bbox 528 3436 759 3594; x_wconf 88' lang='lat' dir='ltr'><strong>denique</strong></span> <span class='ocrx_word' id='word_1_88' title='bbox 782 3439 921 3557; x_wconf 83' lang='lat' dir='ltr'><strong>illam</strong></span> <span class='ocrx_word' id='word_1_89' title='bbox 945 3445 1124 3554; x_wconf 85' lang='lat' dir='ltr'><strong>Tuam</strong></span> 
     </span>
     <span class='ocr_line' id='line_1_18' title="bbox 103 3613 1124 3769; baseline 0.009 -51"><span class='ocrx_word' id='word_1_90' title='bbox 103 3643 209 3759; x_wconf 88' lang='lat' dir='ltr'><strong>qua</strong></span> <span class='ocrx_word' id='word_1_91' title='bbox 230 3647 317 3722; x_wconf 91' lang='lat' dir='ltr'><strong>me</strong></span> <span class='ocrx_word' id='word_1_92' title='bbox 347 3650 516 3766; x_wconf 89' lang='lat' dir='ltr'>nuper</span> <span class='ocrx_word' id='word_1_93' title='bbox 560 3618 615 3727; x_wconf 88' lang='lat' dir='ltr'><strong>in</strong></span> <span class='ocrx_word' id='word_1_94' title='bbox 639 3613 829 3769; x_wconf 82' lang='lat' dir='ltr'><strong>Anglia</strong></span> <span class='ocrx_word' id='word_1_95' title='bbox 851 3614 1124 3733; x_wconf 86' lang='lat' dir='ltr'><strong>cumulare</strong></span> 
     </span>
     <span class='ocr_line' id='line_1_19' title="bbox 106 3779 1125 3910; baseline 0.009 -15"><span class='ocrx_word' id='word_1_96' title='bbox 106 3779 322 3895; x_wconf 87' lang='lat' dir='ltr'><strong>voluisti</strong></span> <span class='ocrx_word' id='word_1_97' title='bbox 360 3784 744 3910; x_wconf 78' lang='lat' dir='ltr'><strong>humanitatem</strong></span> <span class='ocrx_word' id='word_1_98' title='bbox 787 3798 847 3908; x_wconf 72' lang='grc' dir='ltr'><strong>δε</strong></span> <span class='ocrx_word' id='word_1_99' title='bbox 889 3790 1125 3908; x_wconf 89' lang='lat' dir='ltr'>benevo-</span> 
     </span>
     <span class='ocr_line' id='line_1_20' title="bbox 104 3953 1126 4124; baseline 0.012 -55"><span class='ocrx_word' id='word_1_100' title='bbox 104 3953 358 4101; x_wconf 86' lang='lat' dir='ltr'><strong>lentiam,</strong></span> <span class='ocrx_word' id='word_1_101' title='bbox 391 3968 584 4090; x_wconf 86' lang='lat' dir='ltr'><strong>mereti</strong></span> <span class='ocrx_word' id='word_1_102' title='bbox 604 3964 893 4117; x_wconf 85' lang='lat' dir='ltr'><strong>aliquando</strong></span> <span class='ocrx_word' id='word_1_103' title='bbox 913 4007 976 4108; x_wconf 74' lang='lat' dir='ltr'><strong>ut</strong></span> <span class='ocrx_word' id='word_1_104' title='bbox 1008 3965 1126 4124; x_wconf 82' lang='lat' dir='ltr'>pos-</span> 
     </span>
    </p>

    <p class='ocr_par' dir='ltr' id='par_1_3' title="bbox 618 4138 1129 4284">
     <span class='ocr_line' id='line_1_21' title="bbox 618 4138 1129 4284; baseline 0.006 -31"><span class='ocrx_word' id='word_1_105' title='bbox 618 4174 718 4284; x_wconf 80' lang='lat' dir='ltr'><strong>a4</strong></span> <span class='ocrx_word' id='word_1_106' title='bbox 1008 4138 1129 4276; x_wconf 85' lang='lat' dir='ltr'><strong>fim,</strong></span> 
     </span>
    </p>
   </div>
   <div class='ocr_carea' id='block_1_3' title="bbox 0 0 1264 4664">
    <p class='ocr_par' dir='ltr' id='par_1_4' title="bbox 0 0 1264 4664">
     <span class='ocr_line' id='line_1_22' title="bbox 0 0 1264 4664; baseline 0 0"><span class='ocrx_word' id='word_1_107' title='bbox 0 0 1264 4664; x_wconf 95' lang='lat' dir='ltr'><strong> </strong></span> 
     </span>
    </p>
   </div>
  </div>
 </body>
</html>
