2520 4664
405 161 412 168 1

173 531 279 629 Nic,
311 548 555 628 Rtuutrrt
585 545 939 629 Drssta'rar‘mi

60 678 150 752 'rnen
172 675 340 749 strenuum
356 675 470 749 visille
484 673 646 748 bonarum
661 674 802 770 partium
820 678 1011 754 sedatorem
1018 675 1080 755 ἀεὶ

59 773 193 847 clarant
218 773 360 867 plurima
388 797 465 870 quat
495 793 538 843 ex
567 793 610 843 eo
641 770 866 867 Lampridius,
896 775 1080 871 Spartianus

63 872 106 951 ὃ(
130 869 182 941 alii
202 867 343 941 historin
375 867 538 963 Augustae
561 868 731 965 scriptores
755 873 994 945 commentariis
1017 866 1078 947 suis

64 964 263 1039 indiderunt.
292 966 448 1037 Dicamus
474 965 571 1062 igitur
588 963 685 1037 hosce
707 967 790 1036 duos
811 963 961 1039 aussores
975 968 1077 1041 utei-

67 1060 186 1134 vilium
202 1061 428 1135 doslnnarum
441 1063 635 1157 compendia
652 1063 825 1157 quaedam,
848 1061 933 1135 illius
953 1061 1079 1139 eride-

67 1156 170 1230 lieatis
184 1159 330 1230 maxime
344 1156 513 1253 placuisse:
538 1157 685 1231 Marium
708 1156 843 1255 quidem
868 1157 1083 1247 Maximum,

71 1273 111 1326 ut
131 1276 172 1324 co
194 1253 258 1327 iosa
280 1255 514 1348 exemplorum
537 1254 691 1326 varietate
712 1254 932 1350 locupletem,
955 1255 992 1328 &
1008 1276 1085 1333 om·

71 1347 128 1420 nia
191 1351 324 1425 aesarum
352 1349 502 1423 historica
530 1348 701 1423 uberrimis
724 1351 903 1448 septenariis
934 1346 1085 1443 comple'ss

73 1468 157 1517 xum
170 1445 394 1542 ,juvenalem
412 1471 491 1520 vero
505 1466 543 1518 ut
565 1446 757 1544 magistrum
775 1447 891 1521 veteris
912 1445 1085 1544 disciplinas

69 1563 110 1613 ac
124 1541 222 1619 totius
236 1545 311 1618 vitae
327 1543 481 1617 humanae
495 1542 661 1618 censorem
676 1541 922 1643 gravissimum,
943 1545 978 1618 in
990 1566 1083 1616 area·

70 1658 116 1708 na
147 1637 211 1735 ipu
241 1665 374 1713 morum
404 1643 534 1713 summo
561 1663 640 1711 cum
678 1640 817 1737 imperio
846 1661 1082 1735 penetrantem.

67 1723 248 1809 Summum
264 1758 350 1810 voco
365 1734 536 1831 imperium
552 1733 687 1811 excelsa
700 1735 818 1810 mentis
831 1734 1005 1833 sublimem
1026 1734 1084 1811 ui-

71 1827 166 1916 lum,
190 1857 260 1926 quo
283 1834 314 1908 se
339 1831 434 1927 supra
455 1834 641 1905 mortalium
673 1828 869 1905 nobilissrma
896 1833 1023 1931 erigit,
1044 1830 1082 1909 &

70 1925 186 1999 otnnia
209 1929 262 2001 illa
277 1951 434 2026 tanquam
456 1951 635 2024 puerorum
659 1926 809 2024 pupas&
831 1930 1009 2026 crepundia
1024 1931 1082 2003 de-

70 2014 185 2116 spicit,
206 2045 244 2097 ut
260 2025 353 2099 solius
368 2024 497 2098 virtutis
519 2026 679 2099 rationem
701 2020 886 2096 habendam
911 2024 973 2095 csse
989 2048 1087 2117 cour·

69 2118 252 2195 monstrctr
275 2145 374 2206 nam,
398 2140 436 2191 ut
459 2147 502 2194 ea
520 2122 689 2194 mittamus
702 2141 777 2213 quae
800 2118 872 2191 sunt
895 2118 1087 2213 publica'&

68 2212 119 2287 ob
144 2216 423 2288 oculosomnium
446 2214 547 2313 pofita
568 2268 578 2302 ,
601 2237 682 2312 puta
703 2210 921 2310 impietatem,
945 2212 1087 2305 fastum,

66 2307 260 2399 avaritiam,
283 2309 468 2396 libidinem,
493 2311 601 2407 iniqua
618 2309 791 2406 tyrannicae
804 2308 965 2406 potestatis
980 2311 1086 2404 impe·-

68 2405 138 2491 ria,
162 2431 239 2504 quae
260 2406 336 2483 totis
357 2404 454 2479 satiris
476 2408 705 2506 persequitur,
728 2405 751 2478 fi
774 2407 921 2501 privata,
944 2406 987 2480 ud
1006 2420 1085 2507 qure

69 2502 139 2599 ipse
152 2505 302 2598 quamvis
315 2503 349 2575 in
362 2503 539 2579 transcursu
554 2504 704 2591 divertit,
718 2500 872 2601 inspicere
886 2498 1084 2599 libet,cotu'.

71 2598 236 2695 periemus
260 2603 359 2676 etiam
383 2598 417 2674 in
437 2603 472 2675 iit
494 2627 571 2700 quae
588 2602 740 2697 praeclara
765 2598 953 2708 sapientibus
970 2601 1084 2676 viden-

70 2715 147 2781 tur,
168 2699 325 2771 nonnulla
345 2699 497 2774 censoriae
520 2697 689 2772 severitatis
705 2695 829 2795 judicio
853 2720 891 2768 ac
915 2698 1085 2771 notatione

72 2792 162 2867 haud
177 2794 343 2869 immerito
370 2786 459 2867 fuille
473 2794 646 2890 perstrida
674 2792 768 2897 Quid
795 2792 829 2864 in
851 2790 998 2869 utu‘verla
1020 2792 1086 2868 ht't‘⁴

73 2891 221 2963 maniore
239 2893 418 2965 litteratura
431 2893 518 2988 prius
531 2913 589 2966 aut
604 2891 766 2987 antiquius
786 2888 964 2978 Homero3
987 2886 1086 2963 &ti-

71 3009 152 3061 men
179 2990 333 3085 pleraque
354 2987 387 3059 in
415 3013 456 3066 eo
477 2989 636 3086 essequa:
658 2983 788 3065 defendi
808 2983 865 3058 nili
891 2986 1083 3084 antiquitate

71 3104 143 3155 nou
160 3084 298 3179 possint,
325 3083 431 3160 innuit
445 3084 536 3159 satira
549 3083 700 3183 septima:

122 3184 145 3247 I
175 3208 191 3250 a
201 3185 291 3275 facit
303 3183 429 3275 versus,
452 3204 543 3281 arque
558 3189 612 3254 uni
627 3182 709 3251 cedit
726 3182 866 3251 Homero

123 3206 264 3377 uiroprer
280 3280 362 3349 misle
376 3306 477 3351 annas.

70 3365 111 3440 &
141 3374 231 3446 satira
262 3372 369 3460 uxta,
391 3374 595 3451 inuberculas
625 3369 748 3444 inducit
779 3368 972 3447 Homerum
1003 3383 1085 3455 c'um

70 3463 215 3566 Virff'lio
229 3473 484 3551 contendentes,
507 3497 585 3546 cum
601 3468 666 3565 ipse
689 3468 812 3542 interea
825 3491 893 3543 non
908 3470 1087 3568 solumdn·⁴

70 3557 162 3637 biam
180 3566 273 3643 faciat
288 3569 371 3642 illius
386 3571 548 3665 palmam,
570 3564 736 3640 sedetiam
752 3562 831 3639 huic
844 3567 1014 3667 adjudicet.

122 3669 298 3738 Commirtit
310 3690 403 3739 vates
421 3686 664 3766 irrumperet,
684 3664 756 3737 inde
771 3662 965 3753 Maronem

116 3769 229 3860 Atque
241 3767 307 3835 alia
320 3787 414 3865 parte
432 3769 465 3836 in
482 3770 600 3836 trutina
609 3753 766 3870 suspendit
782 3764 982 3851 Homerum„

70 3858 207 3932 Etenim
224 3861 259 3935 iis
283 3862 425 3939 versibus
447 3863 520 3959 plus
532 3858 736 3957 ponderis&
759 3855 930 3955 majestatis
944 3856 1087 3963 Virgilio

68 3952 171 4047 tribui
184 3956 390 4059 intelligunt,
412 3961 471 4060 qui
491 3964 526 4034 iu
546 3956 747 4034 trunnuuru
768 3952 805 4029 ὃ(
821 3955 1012 4034 examitum
1034 3982 1089 4068 ra-

1027 4074 1090 4128 nu·
